@string{AIAAJ = "AIAA Journal"}
@string{AJM = "Am. J. Math."}
@string{AM = "Acta Mathematica"}
@string{AN = "Astron. Nachr."}
@string{AP = "Ann. Phys."}
@string{APF = "Ann. Phys. Fr."}
@string{AREPS = "Ann. Rev. Earth Planet. Sci."}
@string{ARFM = "Ann. Rev. Fluid Mech."}
@string{ARAA = "Ann. Rev. Astron. Astrophys."}
@string{AA = "Astron. \& Astrophys."}
@string{AA = "A\&A"}
@string{AAsupp = "A \& A Suppl. Ser."}
@string{AJ = "Astron. J."}
@string{AJP = "Am. J. Phys."}
@string{ApJ = "Astrophys. J."}
@string{ApJ = "ApJ"}
@string{ApJL = "ApJ Lett."}
@string{ApJS = "Astrophys. J. Supp. Ser."}
@string{APSS = "Ast. Space Sc."}
@string{ARMA = "Arch. for Rat. Mech. and Analysis"}
@string{ASS = "Astrophys. Space Sci."}
@string{SSR  = "Space Science Rev."}


@ARTICLE{BGM98,
   author = {{Bonazzola}, S. and {Gourgoulhon}, E. and {Marck}, J.-A.},
    title = "{Numerical approach for high precision 3D relativistic star models}",
  journal = {\prd},
   eprint = {arXiv:astro-ph/9803086},
 keywords = {Numerical relativity, Numerical simulation; solution of equations, Spectral methods},
     year = 1998,
    month = nov,
   volume = 58,
   number = 10,
      eid = {104020},
    pages = {104020},
      doi = {10.1103/PhysRevD.58.104020},
   adsurl = {http://adsabs.harvard.edu/abs/1998PhRvD..58j4020B},
  adsnote = {Provided by the SAO/NASA Astrophysics Data System}
}

@ARTICLE{ELR13,
   author = {{Espinosa Lara}, F. and {Rieutord}, M.},
    title = "{Self-consistent 2D models of fast rotating early-type stars}",
  journal = AA,
     year = 2013,
   volume = 552,
    pages = {A35}
}

@ARTICLE{RSI96,
   author = {{Rogers}, F.~J. and {Swenson}, F.~J. and {Iglesias}, C.~A.},
    title = "{OPAL Equation-of-State Tables for Astrophysical Applications}",
  journal = ApJ,
     year = 1996,
    month = jan,
   volume = 456,
    pages = {902},
}

@INPROCEEDINGS{R06b,
    author = {M. Rieutord},
    title = {On the dynamics of radiative zones in rotating star},
    publisher = {EAS},
    editor    = {M. Rieutord and B. Dubrulle},
    booktitle = {Stellar fluid dynamics and numerical simulations: From
the sun to neutron stars},
    volume    = 21,
    year = 2006,
    pages = {275-295}
}

@ARTICLE{RELP16,
   author = {{Rieutord}, M. and {Espinosa Lara}, F. and {Putigny}, B.},
    title = "{An algorithm for computing the 2D structure of fast rotating stars}",
  journal = {to appear in J. Comp. Phys.},
     year = 2016,
   volume = 1,
    pages = {1-39}
}

@book{KWW12,
   author    = {R. Kippenhahn and A. Weigert and A. Weiss},
   title     = {Stellar structure and Evolution},
   publisher = {Springer},
   year      = {2012}
}

@inproceedings{GN93,
   author    = {N. Grevesse and A. Noels},
   title     = {The solar composition},
   booktitle = {Origin and evolution of the elements},
   year      = {1993},
   editor    = {N. Prantzos and E. Vangioni-Flam and M. Cass\'e},
   publisher = {Cambridge Univ. Press},
   pages     = {15-25}
}

@ARTICLE{GS98,
       author = {{Grevesse}, N. and {Sauval}, A.~J.},
        title = "{Standard Solar Composition}",
      journal = SSR,
         year = 1998,
        month = may,
       volume = {85},
        pages = {161-174},
}


